@mastersthesis{MikusinecMgrThesis,
  author  = "Jozef Miku≈°inec",
  title   = "Well-founded semantics for dependent, recursive record types
             with type complement",
  school  = "Masaryk University",
  year    = 2022,
  address = "Brno, Czechia",
  month   = 6,
}

@online{firstOrderLogicc,
    author    = "Mahesh Viswanathan",
    title     = "First Order Logic",
    url       = "https://courses.engr.illinois.edu/cs498mv/fa2018/FirstOrderLogic.pdf",
    year      = 2018,
}

@article{WfSemBoolGrammar,
title = {Well-founded semantics for Boolean grammars},
journal = {Information and Computation},
volume = {207},
number = {9},
pages = {945-967},
year = {2009},
issn = {0890-5401},
doi = {https://doi.org/10.1016/j.ic.2009.05.002},
url = {https://www.sciencedirect.com/science/article/pii/S0890540109001473},
author = {Vassilis Kountouriotis and Christos Nomikos and Panos Rondogiannis},
}

@article{LocalStratBoolGrammar,
title = {Locally stratified Boolean grammars},
journal = {Information and Computation},
volume = {206},
number = {9},
pages = {1219-1233},
year = {2008},
note = {Special Issue: 1st International Conference on Language and Automata Theory and Applications (LATA 2007)},
issn = {0890-5401},
doi = {https://doi.org/10.1016/j.ic.2008.03.022},
url = {https://www.sciencedirect.com/science/article/pii/S089054010800062X},
author = {Christos Nomikos and Panos Rondogiannis},
}

@article{Rin2014TransfiniteRA,
  title={Transfinite recursion and computation in the iterative conception of set},
  author={Benjamin G. Rin},
  journal={Synthese},
  year={2014},
  volume={192},
  pages={2437-2462},
  url={https://link.springer.com/article/10.1007/s11229-014-0560-9},
}
